@book{Nguyen:2007:GG:1407436,
 author = {Nguyen, Hubert},
 title = {Gpu Gems 3},
 year = {2007},
 isbn = {9780321545428},
 edition = {First},
 publisher = {Addison-Wesley Professional},
} 

@article{lemire2006streaming,
  title={STREAMING MAXIMUM-MINIMUM FILTER USING NO MORE THAN THREE COMPARISONS PER ELEMENT},
  author={Lemire, Daniel},
  journal={Nordic Journal of Computing},
  volume={13},
  number={4},
  pages={328--339},
  year={2006}
}